@phdthesis{phd/ndltd/Hearn06,
	added-at = {2017-04-27T00:00:00.000+0200},
	author = {Hearn, Robert A.},
	biburl = {https://www.bibsonomy.org/bibtex/203d80c245bf9b6ceaa69283b12c6ce00/dblp},
	ee = {http://hdl.handle.net/1721.1/37913},
	interhash = {ad757c376682f29750e1093a9524a697},
	intrahash = {03d80c245bf9b6ceaa69283b12c6ce00},
	keywords = {dblp},
	note = {ndltd.org (oai:dspace.mit.edu:1721.1/37913)},
	school = {Massachusetts Institute of Technology, Cambridge, MA, USA},
	timestamp = {2017-04-28T11:35:36.000+0200},
	title = {Games, puzzles, and computation.},
	year = 2006
}

@book{books/daglib/0072413,
	added-at = {2012-03-20T05:17:52.000+0100},
	author = {Papadimitriou, Christos H.},
	biburl = {https://www.bibsonomy.org/bibtex/29ec33cbfc3c548ef2289e634b570837f/alessandropinto},
	interhash = {a44fa77e3ab4efefa4a6a851afa4952f},
	intrahash = {9ec33cbfc3c548ef2289e634b570837f},
	isbn = {978-0-201-53082-7},
	keywords = {complexity computational},
	pages = {I-XV, 1-523},
	publisher = {Addison-Wesley},
	timestamp = {2012-03-20T05:17:53.000+0100},
	title = {Computational complexity.},
	year = 1994
}

@book{Schöning2000,
	author = {Schöning, Uwe},
	year = {2000},
	title = {Logik für Informatiker - },
	edition = {5. Aufl. 2000. 2. korr. Nachdruck 2000},
	isbn = {978-3-827-41005-4},
	publisher = {Spektrum Akademischer Verlag},
	address = {Heidelberg},
}

@book{Arora:2009:CCM:1540612,
	author = {Arora, Sanjeev and Barak, Boaz},
	title = {Computational Complexity: A Modern Approach},
	year = {2009},
	isbn = {0521424267, 9780521424264},
	edition = {1st},
	publisher = {Cambridge University Press},
	address = {New York, NY, USA},
}

@article{FLAKE2002895,
	title = "Rush Hour is PSPACE-complete, or “Why you should generously tip parking lot attendants”",
	journal = "Theoretical Computer Science",
	volume = "270",
	number = "1",
	pages = "895 - 911",
	year = "2002",
	issn = "0304-3975",
	doi = "https://doi.org/10.1016/S0304-3975(01)00173-6",
	url = "http://www.sciencedirect.com/science/article/pii/S0304397501001736",
	author = "Gary William Flake and Eric B. Baum",
	keywords = "Games, PSPACE-completeness, Reversible logic, Motion planning, Dual-rail logic"
}

@article{CulJosSokPSPACE,
	author = {C. Culberson, Joseph},
	year = {1998},
	month = {11},
	pages = {},
	title = {Sokoban is PSPACE-complete},
	journal = {Proceedings of the International Conference on Fun with Algorithms}
}
