@book{hopcroft01,
	author    = {John E. Hopcroft and
	Rajeev Motwani and
	Jeffrey D. Ullman},
	title     = {Introduction to automata theory, languages, and computation - {(2.}
	ed.)},
	series    = {Addison-Wesley series in computer science},
	publisher = {Addison-Wesley-Longman},
	year      = {2001},
	isbn      = {978-0-201-44124-6},
	timestamp = {Wed, 02 Feb 2011 00:00:00 +0100},
	biburl    = {https://dblp.org/rec/bib/books/daglib/0000197},
	bibsource = {dblp computer science bibliography, https://dblp.org}
}

@Book{schoening01,
	author = {Schöning, Uwe},
	title = {Theoretische Informatik - kurzgefasst},
	publisher = {Spektrum, Akad. Verl},
	year = {2001},
	address = {Heidelberg Berlin},
	isbn = {3827410991}
}

@article{kocay93,
	author = {Kocay, William},
	year = {1993},
	month = oct,
	title = {The Hopcroft-Tarjan Planarity Algorithm}
}

@article{hopcroft74,
	author = {Hopcroft, John and Tarjan, Robert},
	title = {Efficient Planarity Testing},
	year = {1974},
	issue_date = {October 1974},
	publisher = {Association for Computing Machinery},
	address = {New York, NY, USA},
	volume = {21},
	number = {4},
	issn = {0004-5411},
	journal = {J. ACM},
	month = oct,
	pages = {549–568},
	numpages = {20}
}

@article{champarnaud05,
	author = {Champarnaud, Jean-Marc and Paranthoën, Thomas},
	year = {2005},
	month = {02},
	pages = {221-235},
	title = {Random generation of DFAs},
	volume = {330},
	journal = {Theoretical Computer Science},
	doi = {10.1016/j.tcs.2004.03.072}
}

